@book{Antoniou,
author = {Antoniou, Grigoris and Harmelen, Frank Van},
file = {:home/guidoz/.local/share/data/Mendeley Ltd./Mendeley Desktop/Downloaded/Antoniou, Harmelen - Unknown - A Semantic Web Primer.pdf:pdf},
isbn = {0262012103},
title = {{A Semantic Web Primer}},
url = {http://www.dcc.fc.up.pt/~zp/aulas/1213/pde/geral/bibliografia/MIT.Press.A.Semantic.Web.Primer.eBook-TLFeBOOK.pdf}
}
@misc{Cyganiak2013,
abstract = {The Resource Description Framework (RDF) is a framework for representing information in the Web. RDF 1.1 Concepts and Abstract Syntax defines an abstract syntax (a data model) which serves to link all RDF-based languages and specifications. The abstract syntax has two key data structures: RDF graphs are sets of subject-predicate-object triples, where the elements may be IRIs, blank nodes, or datatyped literals. They are used to express descriptions of resources. RDF datasets are used to organize collections of RDF graphs, and comprise a default graph and zero or more named graphs. This document also introduces key concepts and terminology, and discusses datatyping and the handling of fragment identifiers in IRIs within RDF graphs.},
author = {Cyganiak, Richard and Wood, David},
booktitle = {W3C Last Call Working Draft 23 July 2013},
title = {{RDF 1.1 Concepts and Abstract Syntax}},
url = {http://www.w3.org/TR/rdf11-concepts},
urldate = {2015-04-27},
year = {2013}
}
@article{DiNoia2012,
address = {New York, New York, USA},
author = {{Di Noia}, Tommaso and Mirizzi, Roberto and Ostuni, Vito Claudio and Romito, Davide and Zanker, Markus},
doi = {10.1145/2362499.2362501},
file = {:tmp/i-semantics2012.pdf:pdf},
isbn = {9781450311120},
journal = {Proceedings of the 8th International Conference on Semantic Systems - I-SEMANTICS '12},
keywords = {content-based recommender systems,dbpedia,freebase,linked data,linkedmdb,movielens,precision,recall,semantic,vector space model,web},
pages = {1},
publisher = {ACM Press},
title = {{Linked open data to support content-based recommender systems}},
url = {http://dl.acm.org/citation.cfm?doid=2362499.2362501},
year = {2012}
}
@article{Heath,
author = {Heath, Tom and Motta, Enrico},
file = {:tmp/ISWC2007\_SWC\_Heath.pdf:pdf},
title = {{Revyu.com: a Reviewing and Rating Site for the Web of Data}},
url = {http://data.semanticweb.org/pdfs/iswc-aswc/2007/ISWC2007\_SWC\_Heath.pdf}
}
@article{Heitmann,
author = {Heitmann, Benjamin and Hayes, Conor},
file = {:tmp/1067-5964-1-PB.pdf:pdf},
keywords = {Technical Report SS-10-07},
pages = {76--81},
title = {{Using Linked Data to build open, collaborative recommender systems}},
url = {http://www.aaai.org/ocs/index.php/SSS/SSS10/paper/download/1067/1452}
}
@article{Hepp2008,
author = {Hepp, Martin and Science, Web},
file = {:tmp/GoodRelationsEKAW2008-crc-final.pdf:pdf},
keywords = {e-commerce,e-procurement,eclassowl,semantic web,unspsc},
pages = {329--346},
title = {{GoodRelations: An Ontology for Describing Products and Services Offers on the Web}},
url = {http://www.heppnetz.de/files/GoodRelationsEKAW2008-crc-final.pdf},
year = {2008}
}
@article{Oren2008,
author = {Oren, Eyal and Delbru, Renaud and Catasta, Michele and Cyganiak, Richard and Stenzhorn, Holger and Tummarello, Giovanni},
doi = {10.1504/IJMSO.2008.021204},
file = {:tmp/sindice-ijmso2008.pdf:pdf},
issn = {1744-2621},
journal = {International Journal of Metadata, Semantics and Ontologies},
number = {1},
pages = {37},
title = {{Sindice.com: a document-oriented lookup index for open linked data}},
url = {http://www.inderscience.com/link.php?id=21204},
volume = {3},
year = {2008}
}
@article{Poriya2014,
author = {Poriya, Anil and Patel, Neev and Sharma, Rekha and Bhagat, Tanvi},
file = {:home/guidoz/Descargas/ijais14-451122.pdf:pdf},
number = {9},
pages = {22--27},
title = {{Non-Personalized Recommender Systems and User- based Collaborative Recommender Systems}},
volume = {6},
year = {2014}
}
@article{Shadbolt2006,
author = {Shadbolt, N. and Berners-Lee, T. and Hall, W.},
doi = {10.1109/MIS.2006.62},
file = {:tmp/Semantic\_Web\_Revisted.pdf:pdf},
issn = {1541-1672},
journal = {IEEE Intelligent Systems},
month = may,
number = {3},
pages = {96--101},
title = {{The Semantic Web Revisited}},
url = {http://eprints.soton.ac.uk/262614/1/Semantic\_Web\_Revisted.pdf},
volume = {21},
year = {2006}
}
@article{Gruber1993,
author = {Gruber, T.},
doi = {5(2):199-220},
journal = {Knowledge Acquisition},
year={1993},
title = {{A Translation Approach to Portable Ontology Specifications}},
url={http://tomgruber.org/writing/ontolingua-kaj-1993.pdf},
}
@book{Space,
author = {Space, Global Data},
file = {:tmp/Linked Data.pdf:pdf},
isbn = {9781608454303},
title = {{Linked Data}}
}
@book{Systems2011,
address = {Boston, MA},
author = {Systems, Recommender},
doi = {10.1007/978-0-387-85820-3},
editor = {Ricci, Francesco and Rokach, Lior and Shapira, Bracha and Kantor, Paul B.},
file = {:tmp/Recommender\_systems\_handbook.pdf:pdf},
isbn = {978-0-387-85819-7},
publisher = {Springer US},
title = {{Recommender Systems Handbook}},
url = {http://www.cs.bme.hu/nagyadat/Recommender\_systems\_handbook.pdf},
year = {2011}
}
@misc{Guha2014,
author = {Guha, Ramanathan and Brickley, Dan},
title = {{\{RDF\} \{S\}chema \{1.1\}}},
url = {http://www.w3.org/TR/2014/REC-rdf-schema-20140225/},
urldate = {2015-04-27},
year = {2014}
}
@misc{McGuinness2004,
author = {McGuinness, D.L. and Harmelen, F. Van},
booktitle = {World Wide Web Consortium (W3C) recommendation},
pages = {1--22},
title = {{OWL Web Ontology Language Overview}},
url = {www.w3.org/TR/owl-features},
urldate = {2015-04-30},
year = {2004}
}
@misc{W3C,
author = {W3C},
title = {{OWL 2 Web Ontology Language Document Overview (Second Edition)}},
url = {http://www.w3.org/TR/2012/REC-owl2-overview-20121211/},
urldate = {2015-04-30}
}
@misc{C.Trim,
author = {Trim, Craig},
title = {{Inference using OWL 2.0 Semantics}},
url = {http://trimc-nlp.blogspot.com.ar/2013/04/owl-properties.html},
urldate = {2015-04-30}
}
